@article{01,
	title={Comunicaci{\'o}n organizacional},
	author={De Velazco, Mart{\'\i}nez and Abraham, Nosnik},
	journal={M{\'e}xico. Editorial, Trillas. P{\'a}g},
	volume={27},
	year={2003}
}

@article{02,
  title={Las tecnolog{\'\i}as de la informaci{\'o}n y comunicaciones (TIC) y la brecha digital: su impacto en la sociedad de M{\'e}xico},
  author={Tello, Edgar},
  journal={International Journal of Educational Technology in Higher Education (ETHE)},
  volume={4},
  number={2},
  year={2007}
}

@book{03,
	title={The end of organized capitalism},
	author={Lash, Scott and Urry, John},
	year={1987},
	publisher={Univ of Wisconsin Press}
}

@article{04,
	title={Comportamiento del consumidor},
	author={Loudon, David and Della Bitta, Albert},
	journal={Conceptos y aplicaciones. Cuarta edici{\'o}n. M{\'e}xico. McGraw Hill},
	year={1995}
}

@article{05,
	title={Perspectivas tecnol{\'o}gicas: educaci{\'o}n superior en Iberoam{\'e}rica 2012-2017},
	author={Durall Gazulla, Eva and Gros Salvat, Bego{\~n}a and Maina, Marcelo Fabi{\'a}n and Johnson, Larry and Adams, Samantha},
	year={2012},
	publisher={The new media consortium}
}

@article{06,
	title={Tendencias actuales en el uso de dispositivos m{\'o}viles en educaci{\'o}n},
	author={Valero, Carmen Cantillo and Redondo, Margarita Roura and Palac{\'\i}n, Ana S{\'a}nchez},
	journal={La educaci{\'o}n digital magazine},
	volume={147},
	pages={1--21},
	year={2012}
}

@misc{07,
	title = {APPS CON IMPACTO SOCIAL: CAMBIANDO PARADIGMAS EN LA PROVISI{\'O}N DE SERVICIOS P{\'U}BLICOS Y LA PARTICIPACI{\'O}N CIUDADANA},
	author = {Eduardo Lastra},
	journal = {Impacto Social},
	howpublished = {\url{http://www.impactosocialconsultores.com/blog/2013/8/23/apps-con-impacto-social-cambiando-paradigmas-en-la-provisin-de-servicios-pblicos-y-la-participacin-ciudadana}},
	year = {2013},
	note = {Accessed: 2017-09-25}
}

@misc{09,
	title = {Los medios de comunicaci{\'o}n en la era de los m{\'o}viles},
	author = {Junny Villugas},
	journal = {WebEspacio},
	howpublished = {\url{http://www.webespacio.com/medios-comunicacion-moviles/}},
	note = {Accessed: 2017-09-26}
}

@misc{10,
	title = {La {\'u}ltima versi{\'o}n de Android est{\'a} fuera del podio de los sistemas operativos m{\'a}s utilizados},
	howpublished = {\url{http://www.iprofesional.com/notas/254149-android-smartphone-telefonia-movil-telefonia-celular-La-ultima-version-de-Android-esta-fuera-del-podio-de-los-sistemas-operativos-mas-utilizados}},
	note = {Accessed: 2017-08-11}
}

@misc{11,
	title = {iOS},
	howpublished = {\url{http://www.elotrolado.net/wiki/IOS_(Apple)}},
	note = {Accessed: 2017-09-12}
}

@misc{12,
	title = {Historia de iOS},
	howpublished = {\url{https://es.wikipedia.org/wiki/IOS}},
	note = {Accessed: 2017-09-13}
}

@article{13,
	title={CAMALE{\'O}N Interfaz de control de medios para dispositivos m{\'o}viles},
	author={Garc{\'\i}a, Mario H Valencia and Manrique, Marlon J and Isaza, Gustavo},
	journal={Sistemas \& Telem{\'a}tica},
	volume={10},
	number={22},
	pages={17--24},
	year={2012},
	publisher={Universidad ICESI}
}

@phdthesis{14,
	title={Desarrollo de funcionalidades de gesti{\'o}n y anotaci{\'o}n en una aplicaci{\'o}n docente ene iOS},
	author={{\'A}lvarez {\'A}lvarez, Guillermo},
	year={2017}
}

@book{15,
	title={Ingenier{\'\i}a del software},
	author={Sommerville, Ian},
	year={2005},
	publisher={Pearson Educaci{\'o}n}
}

@article{16,
	title={Estudio de factibilidad de un proyecto de inversi{\'o}n: etapas en su estudio},
	author={Santos, T and others},
	journal={Contribuciones a la Econom{\'\i}a},
	number={2008-11},
	year={2008},
	publisher={Grupo Eumed. net (Universidad de M{\'a}laga)}
}

@article{08,
	title={Influencia de los smartphones en los estilos de vida de los j{\'o}venes universitarios y j{\'o}venes ejecutivos en la ciudad de Bogot{\'a}},
	author={Arias Espitia, MA and {\'A}vila Torres, CM and Enciso Abril, LF and Garz{\'o}n Cruz, JC and Mat{\'\i}as Parrado, SJ and Peralta S{\'a}nchez, LM and others},
	journal={Facultad De Posgrados De Ciencias Administrativas},
	year={2011},
	publisher={UNIVERSIDAD JORGE TADEO LOZANO}
}

@misc{17,
	title = {Mi salario (Analista de Sistemas)},
	howpublished = {\url{https://misalario.org/main/tu-salario/comparatusalario?job-id=2511050000000#/}},
	note = {Accessed: 2017-10-25}
}

@misc{18,
	title = {Mi salario (Desarrollador de Software)},
	howpublished = {\url{https://misalario.org/main/tu-salario/comparatusalario?job-id=2512010000000#/}},
	note = {Accessed: 2017-10-25}
}

@misc{19,
	title = {Google lanza un nuevo estudio sobre Smartphones y publicidad m{\'o}vil},
	author = {Redacci√≥n},
	journal = {Marketing M{\'o}vil},
	howpublished = {\url{http://www.puromarketing.com/21/9689/lanza-nuevo-estudio-sobre-smartphones-publicidad-movil.html}},
	note = {Accessed: 2017-09-30}
}
